<?xml version="1.0" encoding="UTF-8"?><collection xmlns="http://www.loc.gov/MARC21/slim"><record><leader>00359nam--2200133-i-4500</leader><controlfield tag="001">000037442</controlfield><controlfield tag="002">20161230</controlfield><controlfield tag="005">20161230201041</controlfield><controlfield tag="008">060222s1000------------r-----000-0-eng-d</controlfield><datafield ind1=" " ind2=" " tag="100"><subfield code="a">Quadrat, Otakar</subfield></datafield><datafield ind1=" " ind2=" " tag="245"><subfield code="a">Etude sur les scories basiques martin</subfield></datafield><datafield ind1=" " ind2=" " tag="260"><subfield code="a">1926, 1f</subfield></datafield><datafield ind1=" " ind2=" " tag="490"><subfield code="a">Bulletin International De L`Acad.Des Sciences De Boheme, 1926</subfield></datafield><datafield ind1=" " ind2=" " tag="852"><subfield code="a">1689</subfield></datafield></record></collection>